<collection xmlns="http://www.loc.gov/MARC21/slim">
<record>
<!-- Length implementation at offset 22 should hold a number. Assuming 0 -->
  <leader>02978nam a2200661   4500</leader>
  <controlfield tag="001">o852709376</controlfield>
  <controlfield tag="003">SIRSI</controlfield>
  <controlfield tag="005">20130718115214.0</controlfield>
  <controlfield tag="006">m     o  c        </controlfield>
  <controlfield tag="007">vz czazuu</controlfield>
  <controlfield tag="007">cr cna||||||||</controlfield>
  <controlfield tag="008">130712s2011    ncu029        o   vleng d</controlfield>
  <datafield tag="028" ind1="5" ind2="2">
    <subfield code="a">563</subfield>
    <subfield code="b">NC LIVE</subfield>
  </datafield>
  <datafield tag="035" ind1=" " ind2=" ">
    <subfield code="a">(Sirsi) o852709376</subfield>
  </datafield>
  <datafield tag="035" ind1=" " ind2=" ">
    <subfield code="a">(OCoLC)852709376</subfield>
  </datafield>
  <datafield tag="040" ind1=" " ind2=" ">
    <subfield code="a">UTBLW</subfield>
    <subfield code="c">UTBLW</subfield>
    <subfield code="d">UTBLW</subfield>
  </datafield>
  <datafield tag="043" ind1=" " ind2=" ">
    <subfield code="a">n-us-nc</subfield>
  </datafield>
  <datafield tag="049" ind1=" " ind2=" ">
    <subfield code="a">UTBA</subfield>
  </datafield>
  <datafield tag="050" ind1=" " ind2="4">
    <subfield code="a">D570.85.N81</subfield>
    <subfield code="b">C58 2011</subfield>
  </datafield>
  <datafield tag="245" ind1="0" ind2="0">
    <subfield code="a">City of canvas</subfield>
    <subfield code="h">[electronic resource] :</subfield>
    <subfield code="b">the story of Camp Greene /</subfield>
    <subfield code="c">a film by Jack Dillard ; Deuce Chaps Productions in association with  WTVI and the Charlotte Mecklenburg Library ; executive producer for WTVI, Rick Fills.</subfield>
  </datafield>
  <datafield tag="260" ind1=" " ind2=" ">
    <subfield code="a">North Carolina :</subfield>
    <subfield code="b">Charlotte Mecklenburg Library :</subfield>
    <subfield code="b">WTVI Charlotte,</subfield>
    <subfield code="c">2011.</subfield>
  </datafield>
  <datafield tag="300" ind1=" " ind2=" ">
    <subfield code="a">1 streaming video file (29 min.) :</subfield>
    <subfield code="b">digital, SWF file, sd., col.</subfield>
  </datafield>
  <datafield tag="500" ind1=" " ind2=" ">
    <subfield code="a">Interviews with subject experts in the Charlotte-Mecklenburg area and archival material.</subfield>
  </datafield>
  <datafield tag="508" ind1=" " ind2=" ">
    <subfield code="a">Writer and producer, Jack Dillard ; editor, Kyndell Bishop ; cinematographer, John Autry.</subfield>
  </datafield>
  <datafield tag="511" ind1="0" ind2=" ">
    <subfield code="a">Tom Hanchett, Larry Sprinkle, Dan Morrill, Grace Mitchell, Lew Powell, Kurt Geske ; narrator, James K. Flynn.</subfield>
  </datafield>
  <datafield tag="520" ind1=" " ind2=" ">
    <subfield code="a">Produced in collaboration with the Charlotte Mecklenburg Library and WTVI Charlotte, this documentary explores Charlotte&apos;s growth after the emergence of the WWI training camp at Camp Greene.</subfield>
  </datafield>
  <datafield tag="521" ind1="8" ind2=" ">
    <subfield code="a">Not rated.</subfield>
  </datafield>
  <datafield tag="538" ind1=" " ind2=" ">
    <subfield code="a">Mode of access: World Wide Web.</subfield>
  </datafield>
  <datafield tag="538" ind1=" " ind2=" ">
    <subfield code="a">System requirements: Adobe Flash Player version 9 or higher ; video available in high (1 M), standard (380k), or small (175k).</subfield>
  </datafield>
  <datafield tag="650" ind1=" " ind2="0">
    <subfield code="a">World War, 1914-1918</subfield>
    <subfield code="z">North Carolina</subfield>
    <subfield code="z">Charlotte.</subfield>
  </datafield>
  <datafield tag="650" ind1=" " ind2="0">
    <subfield code="a">World War, 1914-1918</subfield>
    <subfield code="z">North Carolina</subfield>
    <subfield code="z">Mecklenburg County.</subfield>
  </datafield>
  <datafield tag="650" ind1=" " ind2="0">
    <subfield code="a">Military camps</subfield>
    <subfield code="z">North Carolina</subfield>
    <subfield code="z">Charlotte.</subfield>
  </datafield>
  <datafield tag="651" ind1=" " ind2="0">
    <subfield code="a">Camp Greene (N.C.)</subfield>
    <subfield code="x">History.</subfield>
  </datafield>
  <datafield tag="655" ind1=" " ind2="7">
    <subfield code="a">Documentary films.</subfield>
    <subfield code="2">lcgft</subfield>
  </datafield>
  <datafield tag="700" ind1="1" ind2=" ">
    <subfield code="a">Hanchett, Thomas W.</subfield>
  </datafield>
  <datafield tag="700" ind1="1" ind2=" ">
    <subfield code="a">Bishop, Kyndell.</subfield>
  </datafield>
  <datafield tag="700" ind1="1" ind2=" ">
    <subfield code="a">Autry, John.</subfield>
  </datafield>
  <datafield tag="700" ind1="0" ind2=" ">
    <subfield code="a">Christmas Curmudgeon.</subfield>
  </datafield>
  <datafield tag="700" ind1="1" ind2=" ">
    <subfield code="a">Morrill, Dan L.</subfield>
  </datafield>
  <datafield tag="700" ind1="1" ind2=" ">
    <subfield code="a">Sprinkle, Larry.</subfield>
  </datafield>
  <datafield tag="700" ind1="1" ind2=" ">
    <subfield code="a">Mitchell, Miriam Grace.</subfield>
  </datafield>
  <datafield tag="700" ind1="1" ind2=" ">
    <subfield code="a">Powell, Lew.</subfield>
  </datafield>
  <datafield tag="700" ind1="1" ind2=" ">
    <subfield code="a">Geske, Kurt.</subfield>
  </datafield>
  <datafield tag="700" ind1="1" ind2=" ">
    <subfield code="a">Flynn, James K.</subfield>
  </datafield>
  <datafield tag="700" ind1="1" ind2=" ">
    <subfield code="a">McCrory, Pat,</subfield>
    <subfield code="q">(Patrick Lloyd),</subfield>
    <subfield code="d">1956-</subfield>
  </datafield>
  <datafield tag="700" ind1="1" ind2=" ">
    <subfield code="a">Fills, Rick.</subfield>
  </datafield>
  <datafield tag="710" ind1="2" ind2=" ">
    <subfield code="a">NC LIVE digital media collection.</subfield>
  </datafield>
  <datafield tag="710" ind1="2" ind2=" ">
    <subfield code="a">Public Library of Charlotte and Mecklenburg County (N.C.)</subfield>
  </datafield>
  <datafield tag="710" ind1="2" ind2=" ">
    <subfield code="a">WTVI (Television station : Charlotte, N.C.)</subfield>
  </datafield>
  <datafield tag="710" ind1="2" ind2=" ">
    <subfield code="a">Deuce Chaps Productions.</subfield>
  </datafield>
  <datafield tag="856" ind1="4" ind2="0">
    <subfield code="y">View this streaming video via NC LIVE&apos;s website (NCSU only)</subfield>
    <subfield code="u">https://www.nclive.org/cgi-bin/nclsm?url=https://fod.infobase.com/PortalPlaylists.aspx?customID=54066</subfield>
  </datafield>
  <datafield tag="994" ind1=" " ind2=" ">
    <subfield code="a">C0</subfield>
    <subfield code="b">UTBLW</subfield>
  </datafield>
  <datafield tag="596" ind1=" " ind2=" ">
    <subfield code="a">8</subfield>
  </datafield>
  <datafield tag="918" ind1=" " ind2=" ">
    <subfield code="a">2808367</subfield>
  </datafield>
  <datafield tag="909" ind1=" " ind2=" ">
    <subfield code="a">20130913</subfield>
  </datafield>
  <datafield tag="918" ind1=" " ind2=" ">
    <subfield code="a">2808367</subfield>
  </datafield>
  <datafield tag="909" ind1=" " ind2=" ">
    <subfield code="a">20130913</subfield>
  </datafield>
  <datafield tag="999" ind1=" " ind2=" ">
    <subfield code="a">D570.85 .N81 C58 2011</subfield>
    <subfield code="w">LC</subfield>
    <subfield code="c">1</subfield>
    <subfield code="i">2808367-1001</subfield>
    <subfield code="l">NET</subfield>
    <subfield code="m">ONLINE</subfield>
    <subfield code="r">Y</subfield>
    <subfield code="s">Y</subfield>
    <subfield code="t">VID-STREAM</subfield>
    <subfield code="u">9/13/2013</subfield>
    <subfield code="z">NCLIVETRLN</subfield>
  </datafield>
</record>