
<record>
  <leader>02900cgm a2200589Ia 4500</leader>
  <controlfield tag="001">o852710537</controlfield>
  <controlfield tag="003">SIRSI</controlfield>
  <controlfield tag="005">20130718115211.0</controlfield>
  <controlfield tag="006">m     o  c        </controlfield>
  <controlfield tag="007">vz czazuu</controlfield>
  <controlfield tag="007">cr cna||||||||</controlfield>
  <controlfield tag="008">130712s2011    vau084        o   vleng d</controlfield>
  <datafield tag="028" ind1="5" ind2="2">
    <subfield code="a">439</subfield>
    <subfield code="b">NC LIVE</subfield>
  </datafield>
  <datafield tag="035" ind1=" " ind2=" ">
    <subfield code="a">(Sirsi) o852710537</subfield>
  </datafield>
  <datafield tag="035" ind1=" " ind2=" ">
    <subfield code="a">(OCoLC)852710537</subfield>
  </datafield>
  <datafield tag="040" ind1=" " ind2=" ">
    <subfield code="a">UTBLW</subfield>
    <subfield code="c">UTBLW</subfield>
    <subfield code="d">UTBLW</subfield>
  </datafield>
  <datafield tag="049" ind1=" " ind2=" ">
    <subfield code="a">UTBA</subfield>
  </datafield>
  <datafield tag="050" ind1=" " ind2="4">
    <subfield code="a">F1569.C2</subfield>
    <subfield code="b">P36 2011</subfield>
  </datafield>
  <datafield tag="245" ind1="0" ind2="0">
    <subfield code="a">Panama Canal</subfield>
    <subfield code="h">[electronic resource] /</subfield>
    <subfield code="c">CPB ; American Experience Films presents ; produced by Amanda Pollak ; edited by George O&apos;Donnell ; written by Michelle Ferrari ; directed by Stephen Ives.</subfield>
  </datafield>
  <datafield tag="246" ind1="1" ind2=" ">
    <subfield code="a">Gateway to the American century</subfield>
  </datafield>
  <datafield tag="260" ind1=" " ind2=" ">
    <subfield code="a">[Alexandria, Va.] :</subfield>
    <subfield code="b">PBS Video,</subfield>
    <subfield code="c">2011.</subfield>
  </datafield>
  <datafield tag="300" ind1=" " ind2=" ">
    <subfield code="a">1 streaming video file (84 min.) :</subfield>
    <subfield code="b">digital, SWF file, sd., col.</subfield>
  </datafield>
  <datafield tag="505" ind1="0" ind2=" ">
    <subfield code="a">Wonder of the modern world -- The Republic of Panama -- Challenges breaking ground -- John Stevens -- Recruiting workers -- Mosquito eradication -- Roosevelt visits Panama -- The Culebra cut -- Finishing the canal -- Credits.</subfield>
  </datafield>
  <datafield tag="508" ind1=" " ind2=" ">
    <subfield code="a">Director of photography, Andrew Young ; music, Peter Rundquist.</subfield>
  </datafield>
  <datafield tag="511" ind1="0" ind2=" ">
    <subfield code="a">Narrator, Michael Murphy.</subfield>
  </datafield>
  <datafield tag="520" ind1=" " ind2=" ">
    <subfield code="a">On August 15th, 1914, the Panama Canal opened, connecting the world&apos;s two largest oceans and signaling America&apos;s emergence as a global superpower. This film, using an extraordinary archive of photographs and footage, interviews with canal workers, and firsthand accounts of life in the Canal Zone, unravels the remarkable story of one of the world&apos;s most significant technological achievements.</subfield>
  </datafield>
  <datafield tag="521" ind1="8" ind2=" ">
    <subfield code="a">Not rated.</subfield>
  </datafield>
  <datafield tag="538" ind1=" " ind2=" ">
    <subfield code="a">Mode of access: World Wide Web.</subfield>
  </datafield>
  <datafield tag="538" ind1=" " ind2=" ">
    <subfield code="a">System requirements: Adobe Flash Player version 9 or higher ; video available in high (1 M), standard (380k), or small (175k).</subfield>
  </datafield>
  <datafield tag="546" ind1=" " ind2=" ">
    <subfield code="a">Closed-captioned.</subfield>
  </datafield>
  <datafield tag="651" ind1=" " ind2="0">
    <subfield code="a">Panama Canal (Panama)</subfield>
    <subfield code="x">History.</subfield>
  </datafield>
  <datafield tag="655" ind1=" " ind2="7">
    <subfield code="a">Documentary films.</subfield>
    <subfield code="2">lcgft</subfield>
  </datafield>
  <datafield tag="655" ind1=" " ind2="7">
    <subfield code="a">Films for the hearing impaired.</subfield>
    <subfield code="2">lcgft</subfield>
  </datafield>
  <datafield tag="700" ind1="1" ind2=" ">
    <subfield code="a">Young, Andrew,</subfield>
    <subfield code="d">1960-</subfield>
  </datafield>
  <datafield tag="700" ind1="1" ind2=" ">
    <subfield code="a">Ives, Stephen</subfield>
    <subfield code="4">drt</subfield>
  </datafield>
  <datafield tag="700" ind1="1" ind2=" ">
    <subfield code="a">Pollak, Amanda</subfield>
    <subfield code="4">pro</subfield>
  </datafield>
  <datafield tag="700" ind1="1" ind2=" ">
    <subfield code="a">Ferrari, Michelle.</subfield>
    <subfield code="4">aus</subfield>
  </datafield>
  <datafield tag="700" ind1="1" ind2=" ">
    <subfield code="a">Murphy, Michael,</subfield>
    <subfield code="d">1938-</subfield>
    <subfield code="4">nrt</subfield>
  </datafield>
  <datafield tag="700" ind1="1" ind2=" ">
    <subfield code="a">O&apos;Donnell, George</subfield>
    <subfield code="c">(Film editor)</subfield>
  </datafield>
  <datafield tag="700" ind1="1" ind2=" ">
    <subfield code="a">Rundquist, Peter</subfield>
    <subfield code="4">cmp</subfield>
  </datafield>
  <datafield tag="710" ind1="2" ind2=" ">
    <subfield code="a">NC LIVE digital media collection.</subfield>
  </datafield>
  <datafield tag="710" ind1="2" ind2=" ">
    <subfield code="a">Corporation for Public Broadcasting.</subfield>
  </datafield>
  <datafield tag="710" ind1="2" ind2=" ">
    <subfield code="a">American Experience Films.</subfield>
  </datafield>
  <datafield tag="730" ind1="0" ind2=" ">
    <subfield code="a">American experience (Television program)</subfield>
  </datafield>
  <datafield tag="856" ind1="4" ind2="0">
    <subfield code="y">View this streaming video via NC LIVE&apos;s website (NCSU only)</subfield>
    <subfield code="u">https://www.nclive.org/cgi-bin/nclsm?url=https://fod.infobase.com/PortalPlaylists.aspx?customID=53995</subfield>
  </datafield>
  <datafield tag="994" ind1=" " ind2=" ">
    <subfield code="a">C0</subfield>
    <subfield code="b">UTBLW</subfield>
  </datafield>
  <datafield tag="596" ind1=" " ind2=" ">
    <subfield code="a">8</subfield>
  </datafield>
  <datafield tag="918" ind1=" " ind2=" ">
    <subfield code="a">2808246</subfield>
  </datafield>
  <datafield tag="909" ind1=" " ind2=" ">
    <subfield code="a">20130913</subfield>
  </datafield>
  <datafield tag="918" ind1=" " ind2=" ">
    <subfield code="a">2808246</subfield>
  </datafield>
  <datafield tag="909" ind1=" " ind2=" ">
    <subfield code="a">20130913</subfield>
  </datafield>
  <datafield tag="999" ind1=" " ind2=" ">
    <subfield code="a">F1569 .C2 P36 2011</subfield>
    <subfield code="w">LC</subfield>
    <subfield code="c">1</subfield>
    <subfield code="i">2808246-1001</subfield>
    <subfield code="l">NET</subfield>
    <subfield code="m">ONLINE</subfield>
    <subfield code="r">Y</subfield>
    <subfield code="s">Y</subfield>
    <subfield code="t">VID-STREAM</subfield>
    <subfield code="u">9/13/2013</subfield>
    <subfield code="z">NCLIVETRLN</subfield>
  </datafield>
</record>