
<record>
  <leader>02786cgm a2200601Ia 4500</leader>
  <controlfield tag="001">o852710536</controlfield>
  <controlfield tag="003">SIRSI</controlfield>
  <controlfield tag="005">20130718115211.0</controlfield>
  <controlfield tag="006">m     o  c        </controlfield>
  <controlfield tag="007">vz czazuu</controlfield>
  <controlfield tag="007">cr cna||||||||</controlfield>
  <controlfield tag="008">130712s2011    vau085 g      o   vleng d</controlfield>
  <datafield tag="028" ind1="5" ind2="2">
    <subfield code="a">438</subfield>
    <subfield code="b">NC LIVE</subfield>
  </datafield>
  <datafield tag="035" ind1=" " ind2=" ">
    <subfield code="a">(Sirsi) o852710536</subfield>
  </datafield>
  <datafield tag="035" ind1=" " ind2=" ">
    <subfield code="a">(OCoLC)852710536</subfield>
  </datafield>
  <datafield tag="040" ind1=" " ind2=" ">
    <subfield code="a">UTBLW</subfield>
    <subfield code="c">UTBLW</subfield>
    <subfield code="d">UTBLW</subfield>
  </datafield>
  <datafield tag="049" ind1=" " ind2=" ">
    <subfield code="a">UTBA</subfield>
  </datafield>
  <datafield tag="050" ind1=" " ind2="4">
    <subfield code="a">E467.1.L4</subfield>
    <subfield code="b">R63 2011</subfield>
  </datafield>
  <datafield tag="245" ind1="0" ind2="0">
    <subfield code="a">Robert E. Lee</subfield>
    <subfield code="h">[electronic resource] /</subfield>
    <subfield code="c">CPB ; American Experience Films presents.</subfield>
  </datafield>
  <datafield tag="260" ind1=" " ind2=" ">
    <subfield code="a">[Alexandria, Va.] :</subfield>
    <subfield code="b">PBS Video,</subfield>
    <subfield code="c">2011.</subfield>
  </datafield>
  <datafield tag="300" ind1=" " ind2=" ">
    <subfield code="a">1 streaming video file (85 min.) :</subfield>
    <subfield code="b">digital, SWF file, sd., col.</subfield>
  </datafield>
  <datafield tag="490" ind1="0" ind2=" ">
    <subfield code="a">American experience</subfield>
  </datafield>
  <datafield tag="508" ind1=" " ind2=" ">
    <subfield code="a">Written and produced by Mark Zwonitzer ; editor, Bruce Shaw ; music, Joel Goodman ; director of photography, Michael Chin.</subfield>
  </datafield>
  <datafield tag="511" ind1="0" ind2=" ">
    <subfield code="a">Narrated by Michael Murphy ; voices of Chris Sarandon and Kara Jackson.</subfield>
  </datafield>
  <datafield tag="520" ind1=" " ind2=" ">
    <subfield code="a">Nearly a century and a half after his death, Robert E. Lee, the leading Confederate general of the American Civil War, remains a source of fascination and, for some, veneration. This American experience film examines the life and reputation of the general, whose military successes made him the scourge of the Union and the hero of the Confederacy, and who was elevated to almost god-like status by his admirers after his death.</subfield>
  </datafield>
  <datafield tag="521" ind1="8" ind2=" ">
    <subfield code="a">Not rated.</subfield>
  </datafield>
  <datafield tag="538" ind1=" " ind2=" ">
    <subfield code="a">Mode of access: World Wide Web.</subfield>
  </datafield>
  <datafield tag="538" ind1=" " ind2=" ">
    <subfield code="a">System requirements: Adobe Flash Player version 9 or higher ; video available in high (1 M), standard (380k), or small (175k).</subfield>
  </datafield>
  <datafield tag="546" ind1=" " ind2=" ">
    <subfield code="a">Closed-captioned.</subfield>
  </datafield>
  <datafield tag="600" ind1="1" ind2="0">
    <subfield code="a">Lee, Robert E.</subfield>
    <subfield code="q">(Robert Edward),</subfield>
    <subfield code="d">1807-1870.</subfield>
  </datafield>
  <datafield tag="650" ind1=" " ind2="0">
    <subfield code="a">Generals</subfield>
    <subfield code="z">United States</subfield>
    <subfield code="v">Biography.</subfield>
  </datafield>
  <datafield tag="651" ind1=" " ind2="0">
    <subfield code="a">United States</subfield>
    <subfield code="x">History</subfield>
    <subfield code="y">Civil War, 1861-1865.</subfield>
  </datafield>
  <datafield tag="655" ind1=" " ind2="7">
    <subfield code="a">Documentary films.</subfield>
    <subfield code="2">lcgft</subfield>
  </datafield>
  <datafield tag="655" ind1=" " ind2="7">
    <subfield code="a">Films for the hearing impaired.</subfield>
    <subfield code="2">lcgft</subfield>
  </datafield>
  <datafield tag="700" ind1="1" ind2=" ">
    <subfield code="a">Goodman, Joel</subfield>
    <subfield code="q">(Joel Scott)</subfield>
  </datafield>
  <datafield tag="700" ind1="1" ind2=" ">
    <subfield code="a">Chin, Michael.</subfield>
  </datafield>
  <datafield tag="700" ind1="1" ind2=" ">
    <subfield code="a">Shaw, Bruce.</subfield>
  </datafield>
  <datafield tag="700" ind1="1" ind2=" ">
    <subfield code="a">Zwonitzer, Mark.</subfield>
    <subfield code="4">aus</subfield>
    <subfield code="4">pro</subfield>
  </datafield>
  <datafield tag="700" ind1="1" ind2=" ">
    <subfield code="a">Murphy, Michael,</subfield>
    <subfield code="d">1938-</subfield>
    <subfield code="4">nrt</subfield>
  </datafield>
  <datafield tag="700" ind1="1" ind2=" ">
    <subfield code="a">Sarandon, Chris.</subfield>
    <subfield code="4">act</subfield>
  </datafield>
  <datafield tag="700" ind1="1" ind2=" ">
    <subfield code="a">Jackson, Kara.</subfield>
    <subfield code="4">act</subfield>
  </datafield>
  <datafield tag="710" ind1="2" ind2=" ">
    <subfield code="a">NC LIVE digital media collection.</subfield>
  </datafield>
  <datafield tag="710" ind1="2" ind2=" ">
    <subfield code="a">Corporation for Public Broadcasting.</subfield>
  </datafield>
  <datafield tag="710" ind1="2" ind2=" ">
    <subfield code="a">American Experience Films.</subfield>
  </datafield>
  <datafield tag="730" ind1="0" ind2=" ">
    <subfield code="a">American experience (Television program)</subfield>
  </datafield>
  <datafield tag="856" ind1="4" ind2="0">
    <subfield code="y">View this streaming video via NC LIVE&apos;s website (NCSU only)</subfield>
    <subfield code="u">https://www.nclive.org/cgi-bin/nclsm?url=https://fod.infobase.com/PortalPlaylists.aspx?customID=53994</subfield>
  </datafield>
  <datafield tag="994" ind1=" " ind2=" ">
    <subfield code="a">C0</subfield>
    <subfield code="b">UTBLW</subfield>
  </datafield>
  <datafield tag="596" ind1=" " ind2=" ">
    <subfield code="a">8</subfield>
  </datafield>
  <datafield tag="918" ind1=" " ind2=" ">
    <subfield code="a">2808245</subfield>
  </datafield>
  <datafield tag="909" ind1=" " ind2=" ">
    <subfield code="a">20130913</subfield>
  </datafield>
  <datafield tag="918" ind1=" " ind2=" ">
    <subfield code="a">2808245</subfield>
  </datafield>
  <datafield tag="909" ind1=" " ind2=" ">
    <subfield code="a">20130913</subfield>
  </datafield>
  <datafield tag="999" ind1=" " ind2=" ">
    <subfield code="a">E467.1 .L4 R63 2011</subfield>
    <subfield code="w">LC</subfield>
    <subfield code="c">1</subfield>
    <subfield code="i">2808245-1001</subfield>
    <subfield code="l">NET</subfield>
    <subfield code="m">ONLINE</subfield>
    <subfield code="r">Y</subfield>
    <subfield code="s">Y</subfield>
    <subfield code="t">VID-STREAM</subfield>
    <subfield code="u">9/13/2013</subfield>
    <subfield code="z">NCLIVETRLN</subfield>
  </datafield>
</record>