
<record>
  <leader>02383cgm a2200541Ia 4500</leader>
  <controlfield tag="001">o852709372</controlfield>
  <controlfield tag="003">SIRSI</controlfield>
  <controlfield tag="005">20130718115213.0</controlfield>
  <controlfield tag="006">m     o  c        </controlfield>
  <controlfield tag="007">vz czazuu</controlfield>
  <controlfield tag="007">cr cna||||||||</controlfield>
  <controlfield tag="008">130712s2010    vau054        o   vleng d</controlfield>
  <datafield tag="028" ind1="5" ind2="2">
    <subfield code="a">543</subfield>
    <subfield code="b">NC LIVE</subfield>
  </datafield>
  <datafield tag="035" ind1=" " ind2=" ">
    <subfield code="a">(Sirsi) o852709372</subfield>
  </datafield>
  <datafield tag="035" ind1=" " ind2=" ">
    <subfield code="a">(OCoLC)852709372</subfield>
  </datafield>
  <datafield tag="040" ind1=" " ind2=" ">
    <subfield code="a">UTBLW</subfield>
    <subfield code="c">UTBLW</subfield>
    <subfield code="d">UTBLW</subfield>
  </datafield>
  <datafield tag="043" ind1=" " ind2=" ">
    <subfield code="a">s-cl---</subfield>
  </datafield>
  <datafield tag="049" ind1=" " ind2=" ">
    <subfield code="a">UTBA</subfield>
  </datafield>
  <datafield tag="050" ind1=" " ind2="4">
    <subfield code="a">TN311</subfield>
    <subfield code="b">.E44 2010</subfield>
  </datafield>
  <datafield tag="245" ind1="0" ind2="0">
    <subfield code="a">Emergency mine rescue</subfield>
    <subfield code="h">[electronic resource]  /</subfield>
    <subfield code="c">produced by Pioneer Productions for Nova in association with Channel 4.</subfield>
  </datafield>
  <datafield tag="260" ind1=" " ind2=" ">
    <subfield code="a">[Alexandria, Va.] :</subfield>
    <subfield code="b">PBS Video,</subfield>
    <subfield code="c">2010.</subfield>
  </datafield>
  <datafield tag="300" ind1=" " ind2=" ">
    <subfield code="a">1 streaming video file (54 min.) :</subfield>
    <subfield code="b">digital, SWF file, sd., col.</subfield>
  </datafield>
  <datafield tag="500" ind1=" " ind2=" ">
    <subfield code="a">Originally produced for public television broadcast October 26, 2010 ; remote version viewed November 18, 2010.</subfield>
  </datafield>
  <datafield tag="508" ind1=" " ind2=" ">
    <subfield code="a">Produced and directed by Kate Dart, Nick Evans, and Tom Stubberfield.</subfield>
  </datafield>
  <datafield tag="520" ind1=" " ind2=" ">
    <subfield code="a">With special access to the site of the San Jose, Chile, mine, the mining engineers and the miners&apos; families, NOVA chronicles the miners&apos; 69-day ordeal and the work of a global team of engineers who struggled tirelessly around the clock in a desperate bid to bring the trapped miners safely to the surface.</subfield>
  </datafield>
  <datafield tag="538" ind1=" " ind2=" ">
    <subfield code="a">Mode of access: World Wide Web.</subfield>
  </datafield>
  <datafield tag="538" ind1=" " ind2=" ">
    <subfield code="a">System requirements: Adobe Flash Player version 9 or higher ; video available in high (1 M), standard (380k), or small (175k).</subfield>
  </datafield>
  <datafield tag="546" ind1=" " ind2=" ">
    <subfield code="a">Closed-captioned.</subfield>
  </datafield>
  <datafield tag="650" ind1=" " ind2="0">
    <subfield code="a">Mine accidents.</subfield>
  </datafield>
  <datafield tag="650" ind1=" " ind2="0">
    <subfield code="a">Mine rescue work.</subfield>
  </datafield>
  <datafield tag="650" ind1=" " ind2="0">
    <subfield code="a">Mines and mineral resources</subfield>
    <subfield code="z">Chile.</subfield>
  </datafield>
  <datafield tag="655" ind1=" " ind2="7">
    <subfield code="a">Films for the hearing impaired.</subfield>
    <subfield code="2">lcgft</subfield>
  </datafield>
  <datafield tag="655" ind1=" " ind2="7">
    <subfield code="a">Documentary films.</subfield>
    <subfield code="2">lcgft</subfield>
  </datafield>
  <datafield tag="700" ind1="1" ind2=" ">
    <subfield code="a">Dart, Kate.</subfield>
  </datafield>
  <datafield tag="700" ind1="1" ind2=" ">
    <subfield code="a">Evans, Nick.</subfield>
  </datafield>
  <datafield tag="700" ind1="1" ind2=" ">
    <subfield code="a">Stubberfield, Tom.</subfield>
  </datafield>
  <datafield tag="710" ind1="2" ind2=" ">
    <subfield code="a">NC LIVE digital media collection.</subfield>
  </datafield>
  <datafield tag="710" ind1="2" ind2=" ">
    <subfield code="a">Pioneer Productions.</subfield>
  </datafield>
  <datafield tag="710" ind1="2" ind2=" ">
    <subfield code="a">Channel Four (Great Britain)</subfield>
  </datafield>
  <datafield tag="730" ind1="0" ind2=" ">
    <subfield code="a">Nova (Television program)</subfield>
  </datafield>
  <datafield tag="856" ind1="4" ind2="0">
    <subfield code="y">View this streaming video via NC LIVE&apos;s website (NCSU only)</subfield>
    <subfield code="u">https://www.nclive.org/cgi-bin/nclsm?url=https://fod.infobase.com/PortalPlaylists.aspx?customID=54171</subfield>
  </datafield>
  <datafield tag="994" ind1=" " ind2=" ">
    <subfield code="a">C0</subfield>
    <subfield code="b">UTBLW</subfield>
  </datafield>
  <datafield tag="596" ind1=" " ind2=" ">
    <subfield code="a">8</subfield>
  </datafield>
  <datafield tag="918" ind1=" " ind2=" ">
    <subfield code="a">2808348</subfield>
  </datafield>
  <datafield tag="909" ind1=" " ind2=" ">
    <subfield code="a">20130913</subfield>
  </datafield>
  <datafield tag="918" ind1=" " ind2=" ">
    <subfield code="a">2808348</subfield>
  </datafield>
  <datafield tag="909" ind1=" " ind2=" ">
    <subfield code="a">20130913</subfield>
  </datafield>
  <datafield tag="999" ind1=" " ind2=" ">
    <subfield code="a">TN311 .E44 2010</subfield>
    <subfield code="w">LC</subfield>
    <subfield code="c">1</subfield>
    <subfield code="i">2808348-1001</subfield>
    <subfield code="l">NET</subfield>
    <subfield code="m">ONLINE</subfield>
    <subfield code="r">Y</subfield>
    <subfield code="s">Y</subfield>
    <subfield code="t">VID-STREAM</subfield>
    <subfield code="u">9/13/2013</subfield>
    <subfield code="z">NCLIVETRLN</subfield>
  </datafield>
</record>
</collection>
